@Book{knuth:84,
  author = 	 {Donald E. Knuth},
  title = 	 {The {\TeX} Book},
  publisher = 	 {Addison-Wesley},
  year = 	 {1984},
  edition = 	 {15th}
}

@InCollection{boulic:91,
  author = 	 {R. Boulic and O. Renault},
  title = 	 {3D Hierarchies for Animation},
  booktitle = 	 {New Trends in Animation and Visualization},
  publisher =    {John Wiley {\&} Sons ltd.},
  year = 	 {1991},
  editor = 	 {Nadia Magnenat-Thalmann and Daniel Thalmann}
}

@InCollection{smith:99,
  author = 	 {A. Smith and B. Jones},
  title = 	 {On the Complexity of Computing},
  booktitle = 	 {Advances in Computer Science},
  pages = 	 {555--566},
  publisher =    {Publishing Press},
  year = 	 {1999},
  editor = 	 {A. B. Smith-Jones}
}



@misc{resolucao_contran, 
    title={RESOLUÇÃO CONTRAN No 882, DE 13 DE DEZEMBRO DE 2021 - DOU - Imprensa Nacional}, 
    url={https://www.in.gov.br/en/web/dou/-/resolucao-contran-n-882-de-13-de-dezembro-de-2021-370017699}, 
    journal={In.gov.br}, 
    author={Imprensa Nacional}, 
    year={2021} 
}

@article{damage_on_roads,
    author = {Isradi, Muhammad and Hedianto, Aditya and Rifai, Andri and Mufhidin, Amar and Prasetijo, Joewono},
    year = {2021},
    month = {11},
    pages = {90-98},
    title = {Comparison of PCI (Pavement Condition Index) and SDI (Surface Disstres Index) in Identification of Urban Road Damage},
    volume = {6},
    journal = {ADRI International Journal of Engineering and Natural Science},
    doi = {10.29138/aijens.v6i01.34}
}


@misc{prefeitura_de_coronel_fabriciano,
  title        = {Decreto Municipal 8.472/2023},
  author       = {{Coronel Fabriciano, Minas Gerais}},
  year         = {2023},
  url          = {https://www.fabriciano.mg.gov.br/materia/prefeitura-de-fabriciano-restringe-transito-de-caminhoes-pesados-na-area-urbana},
  note         = {Restringe a circulação de veículos pesados em trechos estratégicos da área urbana. Acesso em: 5 jan. 2025}
}


@misc{lei_ourobranco_2024,
  title        = {Lei nº 2794, de 03 de abril de 2024},
  author       = {{Ouro Branco, Minas Gerais}},
  year         = {2024},
  url          = {http://www.app.ourobranco.cam.mg.gov.br/legislacao/},
  note         = {Altera a Lei Municipal Nº 2.531 de 21 de Dezembro de 2021, que reorganiza e disciplina o Sistema Municipal de Meio Ambiente e Desenvolvimento Sustentável de Ouro Branco. Acesso em: 4 fev. 2025}
}

@misc{marcomini2023truckaxledetectionconvolutional,
    title={Truck Axle Detection with Convolutional Neural Networks}, 
    author={Leandro Arab Marcomini and André Luiz Cunha},
    year={2023},
    eprint={2204.01868},
    archivePrefix={arXiv},
    primaryClass={cs.CV},
    url={https://arxiv.org/abs/2204.01868}, 
}
‌
‌@article{Miles2022,
    author = {Victoria Miles and Francis Gurr and Stefano Giani},
    title = {Camera-Based System for the Automatic Detection of Vehicle Axle Count and Speed Using Convolutional Neural Networks},
    journal = {International Journal of Intelligent Transportation Systems Research},
    volume = {20},
    number = {3},
    pages = {778--792},
    year = {2022},
    doi = {10.1007/s13177-022-00325-1},
    url = {https://doi.org/10.1007/s13177-022-00325-1},
    issn = {1868-8659},
}

@article{Souza2024,
    author = {Bruno José Souza and Guinther Kovalski da Costa and Anderson Luis Szejka and Roberto Zanetti Freire and Gabriel Villarrubia Gonzalez},
    title = {A deep learning-based approach for axle counter in free-flow tolling systems},
    journal = {Scientific Reports},
    volume = {14},
    number = {1},
    pages = {3400},
    year = {2024},
    doi = {10.1038/s41598-024-53749-y},
    url = {https://doi.org/10.1038/s41598-024-53749-y},
    issn = {2045-2322}
}

@article{Almutairi2022,
    author = {Abdullah Almutairi and Pan He and Anand Rangarajan and Sanjay Ranka},
    title = {Automated Truck Taxonomy Classification Using Deep Convolutional Neural Networks},
    journal = {International Journal of Intelligent Transportation Systems Research},
    volume = {20},
    number = {2},
    pages = {483--494},
    year = {2022},
    doi = {10.1007/s13177-022-00306-4},
    url = {https://doi.org/10.1007/s13177-022-00306-4},
    issn = {1868-8659}
}


@article{iluminacao_adversa,
    author = {Butt, Muhammad Atif and Khattak, Asad Masood and Shafique, Sarmad and Hayat, Bashir and Abid, Saima and Kim, Ki-Il and Ayub, Muhammad Waqas and Sajid, Ahthasham and Adnan, Awais},
    title = {Convolutional Neural Network Based Vehicle Classification in Adverse Illuminous Conditions for Intelligent Transportation Systems},
    journal = {Complexity},
    volume = {2021},
    number = {1},
    pages = {6644861},
    doi = {https://doi.org/10.1155/2021/6644861},
    url = {https://onlinelibrary.wiley.com/doi/abs/10.1155/2021/6644861},
    eprint = {https://onlinelibrary.wiley.com/doi/pdf/10.1155/2021/6644861},
    year = {2021}
}

@misc{khanam2024yolov11overviewkeyarchitectural,
      title={YOLOv11: An Overview of the Key Architectural Enhancements}, 
      author={Rahima Khanam and Muhammad Hussain},
      year={2024},
      eprint={2410.17725},
      archivePrefix={arXiv},
      primaryClass={cs.CV},
      url={https://arxiv.org/abs/2410.17725}, 
}

@misc{tian2025yolov12attentioncentricrealtimeobject,
      title={YOLOv12: Attention-Centric Real-Time Object Detectors}, 
      author={Yunjie Tian and Qixiang Ye and David Doermann},
      year={2025},
      eprint={2502.12524},
      archivePrefix={arXiv},
      primaryClass={cs.CV},
      url={https://arxiv.org/abs/2502.12524}, 
}